1636 2767
415 126 445 166 uu

113 254 226 303 intelligere¹
253 239 279 295 ln
289 244 446 305 arrteeedentibus
461 265 563 302 regnum
573 254 629 300 llari
636 249 750 291 ‹licumnl›

108 330 179 372 autore
203 324 321 361 celebratum
344 335 386 360 esse
414 325 538 360 ostendimus.
577 326 657 361 't'ribum
682 325 749 361 dudae

113 400 210 443 sceptrum
224 396 310 441 regium,
329 395 502 441 Benjaminitis
516 399 613 442 ereptum,
635 406 671 442 per
684 397 750 432 Davi·
778 401 784 409 ²

113 467 164 502 dem
187 466 303 510 obtinuisse,
329 465 386 500 simul
409 465 504 501 civitatem
526 466 659 511 israeliticam,
680 467 750 502 linibus

113 539 168 587 regui
183 523 296 575 immensum
310 541 398 584 quantum
410 538 501 582 extensis,
517 536 540 573 ad
553 549 646 573 summum
659 535 750 585 potentie

113 615 133 646 et
146 611 222 647 roboris
236 609 310 645 culmen
329 619 351 643 ee
368 612 461 661 regnante
479 597 564 645 eiectans
583 618 626 645 esse
642 610 750 646 observari·
765 630 767 633 >

111 675 161 716 mus.
188 679 227 716 Sed
239 679 261 714 ab
275 679 335 713 altera
348 681 412 725 parte,
430 678 467 713 etsi
483 679 584 724 imperinm
599 678 676 715 Davidis
693 682 750 727 lunge

112 751 189 798 lateque
205 749 317 796 reipublicae
331 748 413 795 ‘gloriam
434 752 546 795 sparserat,'
566 753 652 796 tempora
673 734 767 786 fuerant'

91 833 93 840 ¹
114 822 230 865 turbulenta,
245 824 265 856 et
277 820 353 856 nonnisi
367 833 402 868 per
416 819 490 867 longam
505 820 618 857 tumultuum
633 813 717 866 ciuilium
730 824 750 857 et

114 894 208 930 bellorum
223 903 266 929 curn
280 891 362 927 externis
377 891 461 927 hostibus
477 894 574 939 gesturum
585 892 653 928 seriem
668 893 692 929 ad
706 891 750 941 pei-

114 965 184 1002 fecum
198 963 252 1011 regni
265 964 407 1012 possessionem
421 966 536 1010 peruenerat
548 976 589 1000 rex.
616 963 682 1000 Ultimi
694 965 750 1000 eliam

114 1036 158 1072 uitae
175 1035 252 1072 Daridis
269 1034 312 1070 anni
326 1034 387 1070 turbis
401 1037 438 1070 non
453 1036 554 1080 carebant,
573 1034 668 1071 seditione
681 1037 752 1073 Ansa-

114 1109 177 1143 lonis
192 1109 212 1142 et
225 1106 300 1150 Sebae,
319 1105 393 1141 deiude
407 1106 481 1142 insidiis
499 1106 598 1153 Adonjae
616 1118 692 1152 paoem,
715 1118 751 1152 qua

115 1178 168 1213 breri
175 1183 264 1224 tempore
274 1170 373 1211 fruebatur
381 1177 453 1221 ciuitas,
463 1178 625 1224 perturbantibus.
639 1177 681 1213 Non
693 1179 750 1224 igitur
792 1225 794 1227 Ι

114 1249 233 1293 mirandum,
248 1258 313 1283 omnes
327 1247 434 1292 ludaeos,
451 1249 501 1284 bella
516 1251 535 1284 et
549 1251 672 1296 tempestates
686 1249 751 1285 ciuiles

115 1324 219 1367 pertaesos,
238 1331 304 1366 placem
320 1318 449 1362 desiderasse,
471 1331 508 1355 nou
524 1320 615 1356 incertam
632 1324 651 1355 et
666 1321 751 1364 breuem,

115 1392 150 1427 sed
168 1392 274 1428 diuturnanr
295 1392 384 1439 omnique
401 1393 453 1436 metu
473 1395 492 1426 et
509 1391 603 1427 anxietate
621 1390 709 1436 liberam,
727 1391 750 1427 ad
791 1432 793 1434 ,

115 1475 155 1500 eam
170 1463 256 1499 omnibns
269 1462 327 1498 remis
340 1461 427 1510 velisque
443 1460 558 1507 tetendisse,
577 1475 619 1499 enm
637 1474 659 1500 ea
676 1474 751 1499 ornnem
789 1473 791 1475 ’

115 1536 226 1572 felicitatem
242 1535 278 1571 sibi
296 1538 407 1571 euenturum
422 1545 464 1570 esse
479 1545 574 1582 sperasse.
601 1535 752 1571 Rexrero-Da-
803 1533 805 1536 ’

114 1607 178 1650 rides,
192 1607 246 1653 cnjus
260 1606 325 1640 uirtuti
344 1606 404 1640 robur
420 1616 475 1640 suum
493 1609 513 1640 et
529 1606 651 1652 splendorem
670 1606 752 1649 debebat

116 1666 259 1724 patriussenex
272 1679 314 1713 erat
327 1676 439 1723 grandevus
451 1675 609 1723 decrepitusque,
625 1679 645 1712 et
658 1688 695 1712 non
710 1677 752 1712 sine
780 1709 783 1713 .

116 1758 173 1783 cansa
190 1756 256 1782 omnes
273 1747 324 1781 cives
338 1743 383 1782 boni
400 1747 494 1781 bellorum
512 1756 533 1782 ac
548 1746 662 1782 seditionum
675 1748 752 1784 innera-

117 1819 199 1865 tionem‚
217 1818 233 1855 si
246 1822 365 1863 moreretur,
382 1818 497 1869 metuebant.
527 1816 558 1854 Sic
572 1818 655 1855 omnium
669 1819 719 1856 oculi
733 1820 752 1856 in

117 1888 380 1927 successoremnavidis
399 1889 485 1925 futurum
503 1890 591 1925 conuersi
611 1878 671 1924 erant.
701 1890 753 1925 luter

116 1973 182 1998 omnes
196 1965 259 1999 antem
278 1961 327 1997 lilios
345 1963 398 2007 regis
417 1963 475 1997 nemu
489 1960 661 2008 exspectationibus
676 1960 753 1997 deside-

115 2035 188 2082 riisqne
197 2034 260 2081 pupuli
269 2033 328 2080 magis
337 2032 457 2081 respondere
468 2032 574 2077 videbatur,
582 2036 639 2079 'qnam
650 2032 688 2067 Sal
695 2045 705 2068 o
712 2045 753 2077 mo,

116 2106 251 2154 sapientissimi
269 2105 389 2142 Natbenis
410 2106 510 2153 prophetae
532 2105 644 2154 discipulae,
666 2105 753 2141 omnibns

116 2178 169 2223 pacis
183 2178 255 2212 artibus
268 2176 408 2223 virtutibusque
422 2178 512 2213 imbutus.
542 2178 605 2223 ipsum
619 2186 695 2212 'nomen
712 2178 753 2224 ejus

116 2246 182 2303 nnbat,
205 2246 420 2293 Parisinus-otium
438 2251 458 2284 et
477 2260 544 2296 paoem
563 2247 696 2294 portendebat.
724 2247 753 2283 Ob

117 2320 237 2362 elementiam
256 2322 275 2355 et
293 2320 457 2358 mansuetudinem
475 2322 533 2358 animi
547 2317 591 2370 (cfr.
606 2320 618 2354 1
633 2318 755 2364 cn1·.22‚5
802 2331 803 2334 ¹

117 2406 148 2446 w.
159 2403 189 2433 πει
199 2393 296 2440 juvenis
311 2396 336 2428 et
348 2393 431 2429 mollis
444 2394 532 2438 animo,
547 2392 585 2428 cfr.
601 2389 720 2436 lenum,
734 2390 754 2442 1)

117 2465 188 2514 pupulo
203 2464 348 2510 acceptissimus
362 2469 410 2499 erut.
425 2463 549 2512 *splendidae
564 2462 599 2498 Dei
618 2458 756 2509 promissiones.
