1627 2767
334 130 338 139 '
397 117 464 178 aas

101 264 181 313 5sssqq,
190 264 221 300 nbi
229 263 278 303 nanc
288 264 405 320 hypothesin
414 257 519 302 defendere
527 266 590 320 conati
598 264 668 302 snmus.
683 266 742 303 Obe-

102 336 198 373 dientia
208 333 282 372 deinde
295 320 452 384 populorum,
466 348 509 385 qnae
519 334 603 386 cannino
616 337 743 386 promittitur,
757 330 759 332 ’

102 419 137 455 qna
152 407 226 443 ratione
240 406 318 455 probari
332 392 396 455 potest
410 406 491 460 Messiae
510 412 582 446 tantum
599 409 682 447 indicari
691 408 743 444 nni-⁴

102 478 176 515 versnle
189 479 303 527 imperium?
319 478 414 517 Vaticinia
426 479 464 525 illa,
477 480 500 516 ad
516 480 554 517 talc
569 479 614 528 quid
626 479 743 528 spectantia,

103 563 145 598 qne
159 550 192 586 ltic
208 551 296 587 conferri
308 550 383 595 solent,
401 553 458 601 longe
471 552 519 606 alins
535 555 580 588 sunt
593 551 674 596 indolis,
690 550 743 586 clara

104 627 124 658 et
138 622 239 669 distincta,
252 626 270 657 el
282 621 344 670 qrroad
358 624 431 671 singula
446 624 504 659 verba
518 627 537 660 et
550 623 612 673 qttoatl
625 624 742 659 contextam.

104 697 166 733 Pauca
179 703 226 728 roro
239 692 289 737 naec,
305 688 380 740 quein
394 683 436 730 loco
451 697 519 732 nosiro
532 677 743 731 obscurooccnrrunt:

102 775 198 812 etain'rtp*
207 763 238 807 dat,
251 775 286 812 per
300 776 321 800 so
335 765 459 812 speotata,de
473 777 520 813 rege
534 766 566 801 illo
579 766 697 809 ludaeorum,
712 765 745 812 qni

103 838 205 886 imperium
220 838 240 872 in
258 839 344 883 gentes
360 837 453 873 vicinas
470 829 480 873 a
497 842 665 885 patreacceptrnn
680 841 751 874 serva·⁴

104 913 159 946 tnrns
171 910 229 952 esset,
245 907 294 942 bene
305 896 395 954 eaprlicari
408 908 494 955 possunt,
508 901 545 946 cir.
559 909 744 957 lrornmrerlrornm

104 979 284 1027 interpretationem
302 991 313 1014 a
331 980 386 1015 nobis
403 976 423 1028 p.
439 961 518 1016 tto-ca
537 982 662 1029 propositam.
677 992 680 994 ·
693 980 744 1018 Num

104 1053 188 1098 deniqne
196 1052 302 1098 poetica,
312 1063 354 1098 quac
364 1053 383 1087 in
392 1056 458 1088 nostro
467 1053 551 1093 carmine
561 1053 653 1095 occurrit,
662 1048 716 1108 pacis
723 1062 745 1087 ac

45 1144 47 1146 v
104 1122 211 1159 fertilitatis
224 1119 328 1171 descriptio
342 1122 361 1158 in
371 1122 433 1160 solum
446 1122 543 1161 lllessioe
557 1134 637 1174 regnum
652 1106 746 1172 quadrare

105 1194 184 1244 potest'l
212 1193 272 1230 Hisce
290 1194 422 1243 similibusque
439 1195 564 1243 imaginihus,
588 1197 654 1242 qtrales
668 1197 746 1236 larse.

106 1265 185 1303 11-12
198 1267 279 1310 exstant,
293 1265 363 1313 saepius
374 1265 393 1301 in
407 1264 432 1303 V·
446 1265 471 1311 T.
486 1254 565 1303 utuntur
578 1266 654 1314 poetice
668 1268 746 1303 autores

106 1330 135 1375 od*
144 1346 274 1385 quamcunque
287 1336 365 1372 felicem
382 1317 511 1372 conditionem
525 1336 590 1384 populi
607 1333 747 1383 celebrandam,

106 1407 142 1448 cir.
158 1406 169 1442 1
184 1406 233 1454 aeg.
247 1407 266 1453 ὗ,
279 1406 343 1455 5,ani
358 1407 415 1445 modo
429 1407 478 1445 hand
492 1407 563 1457 dispari
578 1407 705 1457 tranquillitas
719 1408 747 1445 ei·
773 1397 775 1402 ¹

106 1482 169 1519 vitatis
184 1479 240 1517 simul
255 1483 274 1515 ct
288 1471 402 1517 abundantia
416 1483 436 1517 et
449 1481 526 1517 ubertas
539 1480 574 1516 soli
587 1484 679 1529 regnante
692 1479 746 1517 Salo-v

107 1564 164 1591 mone
178 1551 226 1601 (vid.
242 1564 261 1599 p.
274 1550 308 1602 to)
326 1554 405 1600 egregie
418 1553 540 1596 describitur,
558 1549 594 1589 eir.
608 1553 651 1589 Job.
663 1550 696 1598 20,
716 1553 747 1592 17.

107 1623 204 1668 Num.13,
218 1622 249 1659 27.
264 1622 331 1659 Dentr.
340 1622 374 1670 33,
386 1624 417 1662 24.
428 1624 455 1661 28
468 1624 511 1673 (qui
525 1623 562 1660 loci
573 1636 591 1671 p.
603 1622 682 1660 tta-to
694 1623 748 1661 citati

108 1701 168 1743 sunt),
182 1697 283 1742 inquibus
297 1708 377 1743 regnum
393 1697 472 1745 depingi
487 1697 605 1733 Messianum
619 1708 675 1733 nemo
689 1696 752 1732 facile

100 1766 189 1816 spntabii.
221 1765 321 1812 Quomodo
336 1767 473 1813 pulcherrimae
490 1766 529 1801 illae
542 1766 645 1812 imagines,
662 1778 707 1813 quas
721 1767 747 1805 lrl.

109 1818 196 1875 adhibuit
204 1839 267 1884 poeta,
277 1835 295 1872 in
306 1839 391 1873 nostram
399 1834 516 1884 hypothesin
523 1834 593 1871 cadere
604 1836 660 1873 nobis
670 1836 748 1874 ridean-

65 1917 67 1919 ’
77 1938 80 1940 -
108 1914 146 1957 tur,
155 1920 174 1959 p.
180 1907 206 1945 ¹73
211 1918 253 1956 sqq.
263 1907 388 1946 ostendimus.
416 1907 525 1945 Similitudo
533 1908 598 1956 igitur,
609 1919 651 1957 qnae
660 1903 712 1945 inter
720 1904 750 1945 lo-³

109 1995 149 2028 cos,
163 1992 210 2030 quos
219 1981 309 2028 afferunt,
317 1982 426 2019 lllessianos
435 1963 665 2031 etlnostrnmintercedit,
676 1980 749 2018 nullum

109 2056 187 2094 erltihct
199 2057 330 2102 argumentum
345 2064 381 2102 pro
396 2064 455 2090 sensu
473 2052 513 2098 illc,
528 2064 585 2100 quem
597 2051 661 2089 verbis
673 2051 750 2101 agitatis

83 2163 85 2166 ,
109 2119 206 2165 vindicare
221 2126 299 2162 student
313 2127 441 2174 interpretes,
457 2126 513 2162 simnl
528 2125 586 2162 iaeile
600 2127 630 2161 est
642 2124 749 2168 intellectu,
806 2124 809 2129 ’

110 2199 195 2250 Judaos,
201 2197 384 2246 quibusielicissima
393 2209 438 2235 sane
446 2197 507 2234 inerit
515 2196 643 2234 Salomone
656 2182 750 2246 regnante

110 2267 208 2320 periodus,
213 2272 241 2305 tot
246 2263 428 2319 tantisq'neplnrium
436 2269 544 2307 seculorum
551 2269 688 2307 calamitatibus
694 2279 750 2304 vexa-

109 2339 154 2387 tos,
167 2346 243 2391 tempus
253 2340 274 2379 Μ
281 2342 329 2378 essi
336 2353 363 2388 ae,
376 2342 396 2378 in
409 2353 446 2391 quo
452 2325 492 2392 jam
501 2342 560 2393 solam
569 2340 636 2377 salutis
645 2351 699 2387 spem
711 2337 751 2373 col-
778 2344 781 2355 ¹

62 2406 66 2409 ¹
111 2414 204 2459 locarent,
222 2415 317 2470 coloribus
332 2415 357 2452 de
370 2413 470 2464 splendida
485 2415 517 2452 illa
536 2413 648 2462 reipublicae
667 2412 702 2449 sub
715 2412 752 2450 im-

113 2486 168 2537 perio
182 2484 235 2535 regis
244 2486 378 2535 sapientissimi
389 2487 499 2525 conditione
510 2486 577 2534 petitis
586 2485 625 2521 'eibi
635 2483 751 2534 depinxisse.
