1664 2788
373 122 435 165 ‘23

4 237 6 239 ¹
46 248 47 251 ’
100 259 151 297 mus,
170 260 206 299 qua
224 258 271 286 roee
288 246 474 297 significantissime,
491 250 512 285 ul
527 259 568 286 mos
584 247 623 286 lert
636 250 742 299 poetarum,

100 309 219 369 comparatio
232 323 272 356 tota
282 322 360 368 egregie
375 321 478 357 absolvitur
491 325 511 358 et
519 322 654 369 pulcherrimae
661 322 743 369 'imagini

101 393 153 441 quasi
168 403 239 429 corono
253 392 363 440 imponitur.
388 391 517 440 Quamobrem
532 393 619 446 ultimum
634 394 697 428 loeum
710 391 743 427 hie

45 483 49 488 ·
99 468 154 502 reete
171 468 252 511 occupet
270 465 353 509 leaena,
373 465 416 512 ipso
433 464 498 501 adulto
518 468 537 502 et
554 463 601 501 forti
615 464 671 500 leone
685 462 743 511 louge

100 536 349 590 terribiliorn-nqqq-nq
362 544 378 569 o:
388 535 431 581 quis
439 535 506 571 ludam
518 536 538 571 iu
552 546 598 584 paee
612 536 743 583 quiescentem

79 596 85 603 Χ
100 608 232 652 fructibusque
245 606 331 642 victoriae
345 605 448 655 tranquille
463 606 561 642 fruentem
575 606 600 642 ad
619 617 667 642 nora
681 605 743 641 laees-

101 689 146 714 sere
165 678 216 715 bella
235 675 325 714 audebit?
349 677 392 725 quis
412 677 471 713 otium
491 677 533 726 ejus
552 677 665 725 perturbare
684 677 744 713 virtu-

102 750 179 799 temque
202 751 244 799 ejus
267 751 352 786 excitare
372 749 487 785 conabitur?
508 748 564 795 Quod
583 749 670 799 ejusdem
690 751 744 798 esset

101 823 189 867 vesaniae,
203 834 224 860 ae
238 821 254 858 si
269 821 310 869 quis
324 820 404 857 leaenam
417 820 437 857 iu
450 824 505 858 antro
519 822 650 870 quiescentem
664 820 743 869 aggredi

100 894 165 930 vellet.
195 893 216 929 in
233 896 273 929 tola
290 893 326 929 hae
345 891 488 939 comparatione
505 904 529 928 ue
548 892 646 929 minimum
666 880 743 939 quidem

100 964 212 1001 vocabulum
231 956 349 1011 superfluum
364 975 408 999 esse
425 963 505 1011 quisque
524 964 582 1002 facile
598 961 743 1001 animadvertet.

101 1035 176 1073 Viridis
196 1031 292 1071 coloribus
308 1047 330 1070 ae
349 1036 414 1078 veluti,
426 1035 445 1070 iu
463 1035 526 1070 tabula
545 1035 657 1083 dignitatem
675 1034 686 1069 J
692 1034 744 1069 u‘dae

100 1109 171 1159 regiam
194 1120 215 1144 ae
234 1108 350 1154 potestatem
367 1106 453 1154 depinxit
472 1111 536 1143 aulon*
565 1105 621 1154 Quod
643 1105 744 1142 consilium
772 1158 774 1160 Ι

99 1182 163 1226 poetae
180 1179 197 1213 si
216 1176 316 1212 evidenter
335 1181 355 1212 et
370 1178 473 1212 manifeste
493 1178 611 1225 ersingnlis
630 1171 757 1224 imaginibus-

31 1280 33 1283 .
101 1251 173 1299 prodit,
188 1249 249 1285 lector
263 1248 344 1296 quisque
357 1247 444 1285 historiae
455 1248 565 1286 Judseorum
580 1249 661 1297 peritus
674 1248 707 1285 ubi
721 1247 745 1284 de

101 1326 189 1370 tempore
197 1320 237 1365 illo,
251 1319 302 1368 quod
312 1321 402 1358 vaticinio
412 1324 479 1358 uoslro
487 1322 612 1369 respoudeat,
626 1323 744 1372 quaesiverit,

75 1421 76 1427 ,
101 1406 138 1430 uou
153 1397 217 1441 potest
233 1394 278 1441 quin
292 1391 316 1429 de
330 1393 422 1429 bellica
434 1393 476 1430 illa
492 1385 594 1441 periodo
610 1395 693 1443 cogitet,
708 1406 745 1442 qun

100 1469 144 1513 post
160 1468 241 1500 mortem
256 1463 338 1500 Saulis
355 1464 436 1500 tribus
454 1464 466 1499 J
472 1449 573 1512 udeesub
588 1477 635 1513 rege
645 1465 745 1510 ,Davide

99 1534 124 1570 de
140 1534 202 1570 medio
217 1545 251 1569 suo
267 1537 323 1578 orto,
346 1535 417 1570 sensim
432 1534 455 1570 ad
469 1545 562 1571 summum
577 1538 666 1582 pervenit
683 1537 745 1583 impe-

99 1608 149 1643 rium
162 1607 257 1653 bellisque
270 1606 367 1654 intestinis
382 1607 501 1654 compositis,
516 1606 588 1641 ceteris
601 1606 687 1642 tribubus
700 1608 745 1643 sub·
799 1605 800 1608 ’

97 1678 163 1725 jectis,
178 1678 245 1715 vicinis
257 1678 354 1723 omuibus,
369 1674 523 1722 Philisraei‘s,
537 1678 671 1723 Bromius,
685 1678 747 1715 illua-

100 1749 171 1793 uitis,
192 1743 348 1794 ammonitis,
365 1750 423 1787 immo
442 1749 510 1796 Syris
527 1750 608 1796 Zebee,
628 1750 747 1795 Hamatbi,
796 1775 798 1777 -

100 1819 210 1856 Damasei
228 1820 263 1856 sub
277 1820 344 1869 jugum
357 1822 432 1865 missis,
447 1832 495 1868 opes
512 1823 574 1857 lautas
590 1823 700 1868 tantumque
713 1821 747 1857 ob·
798 1840 801 1843 -

27 1891 28 1894 ’
58 1916 60 1921 -
101 1892 159 1928 tinuit
169 1894 275 1940 potentiam
288 1905 310 1930 ae
322 1893 390 1937 robur,
405 1895 426 1929 ut
439 1903 477 1929 non
490 1891 549 1929 facile
561 1904 612 1937 euru,
625 1892 710 1940 quamvis
724 1893 745 1928 in

75 1980 78 1983 ·
101 1974 148 2009 paee
164 1954 306 2020 quieseeutenr,
318 1966 343 2007 ad
355 1977 402 2002 nova
414 1964 464 2001 bella
480 1965 557 2002 irritare
572 1966 673 2016 quisquam
686 1963 746 1999 aude-

41 2062 44 2065 ,
100 2036 141 2077 ret,
156 2033 191 2069 cfr.
208 2034 284 2073 2Sanr.
296 2035 318 2080 7,
333 2038 352 2074 9,
378 2036 421 2071 Se.
436 2036 470 2078 1⁰,
486 2036 518 2074 13,
537 2029 577 2082 Ἰ12,
594 2033 684 2076 26—31.
711 2034 745 2079 22,

100 2102 185 2141 :ss—51.
210 2105 282 2143 lcnr.
298 2106 360 2150 14,2.
374 2106 405 2143 17.
430 2106 494 2151 18,st
510 2106 540 2143 13.
566 2109 597 2153 19,
611 2106 683 2142 5—19.
710 2106 746 2151 29,

86 2175 180 2221 ἁ28-ῑ30
193 2181 231 2214 eet.
258 2178 359 2214 immensae
373 2178 451 2223 divine,
467 2180 569 2216 multorum
582 2180 678 2217 bellorum
690 2179 745 2217 irue-

102 2251 145 2291 tus,
168 2231 357 2297 Hierosolymis
378 2254 433 2287 eraut
450 2256 547 2299 congestae
569 2249 612 2303 (eir.
631 2253 644 2289 2
661 2252 711 2289 Sam.
728 2252 756 2302 8'⁴

101 2319 159 2358 u-S.
168 2319 289 2372 v.1u-11);
304 2322 324 2356 iu
335 2315 400 2357 monle
410 2323 497 2358 Zionis
512 2323 569 2359 Davi
574 2324 617 2359 des
630 2336 698 2360 arcem
711 2326 749 2361 sibi

59 2446 61 2448 q
101 2394 196 2429 eristruxit
215 2393 280 2441 ibique
298 2391 365 2429 sedem
383 2394 437 2441 regui
457 2393 558 2432 collocavit
575 2392 621 2445 (eir.
634 2395 651 2433 '2
665 2396 715 2436 Sam.
730 2396 749 2440 5,

102 2460 178 2511 9-11)
194 2468 214 2502 el
224 2463 248 2501 ad
263 2449 395 2513 finemusque
408 2464 453 2502 viis
463 2475 503 2502 suae
520 2457 645 2505 ex'omnibus
661 2467 751 2517 perieulis
